@book{adams1995hitchhiker,
    title={The Hitchhiker's Guide to the Galaxy},
    author={Adams, D.},
    isbn={9781417642595},
    url={http://books.google.com/books?id=W-xMPgAACAAJ},
    year={1995},
    publisher={San Val}
}

@book{drobner53,
    author={Drobner M., Golachowski S.},
    year={1953},
    title={Akustyka muzyczna},
    publisher={Polskie Wydawnictwo Muzyczne},
    address={Kraków},
    pages={62–63}
}

@article{bachu08,
    title={Separation of Voiced and Unvoiced using Zero crossing rate and Energy of the Speech Signal},
    author*={Bachu R.G., Kopparthi S., Adapa B. and Barkana B.D.},
    url={https://www.asee.org/documents/zones/zone1/2008/student/ASEE12008_0044_paper.pdf},
    year={2008}
}

@misc{leszczyna,
    title={Metody Wykrywania Częstotliwości Podstawowej},
    author={Leszczyna M.},
    url={https://sound.eti.pg.gda.pl/student/eim/synteza/leszczyna/index.htm},
    howpublished={\url{https://sound.eti.pg.gda.pl/student/eim/synteza/leszczyna/index.htm}},
    publisher={Politechnika Gdańska}
}

@misc{russel,
    title={Identifying sounds in spectrograms},
    author={Russell K.},
    url={https://home.cc.umanitoba.ca/~krussll/phonetics/acoustic/spectrogram-sounds.html},
    howpublished={\url{https://home.cc.umanitoba.ca/~krussll/phonetics/acoustic/spectrogram-sounds.html}},
    publisher={University of Manitoba}
}


